<record><leader>00000cas a22000007a 4500</leader><controlfield tag="001">17937646</controlfield><controlfield tag="008">880511d19651983ohuwr ne      0    0eng d</controlfield><datafield ind1=" " ind2=" " tag="010"><subfield code="a">sn 88077426 </subfield></datafield><datafield ind1=" " ind2=" " tag="040"><subfield code="a">ONP</subfield><subfield code="b">eng</subfield><subfield code="c">ONP</subfield><subfield code="d">OCLCQ</subfield></datafield><datafield ind1=" " ind2=" " tag="042"><subfield code="a">msc</subfield></datafield><datafield ind1="0" ind2="4" tag="245"><subfield code="a">The Hilltop news and community news.</subfield></datafield><datafield ind1=" " ind2=" " tag="260"><subfield code="a">Cincinnati, Ohio :</subfield><subfield code="b">Cinti. Suburban Newspapers Inc.,</subfield><subfield code="c">-1983.</subfield></datafield><datafield ind1=" " ind2=" " tag="300"><subfield code="a">v.</subfield></datafield><datafield ind1=" " ind2=" " tag="310"><subfield code="a">Weekly</subfield></datafield><datafield ind1="1" ind2=" " tag="362"><subfield code="a">Began in 1965?</subfield></datafield><datafield ind1="0" ind2=" " tag="362"><subfield code="a">-v. 64, no. 28 (Apr. 27, 1983).</subfield></datafield><datafield ind1=" " ind2=" " tag="588"><subfield code="a">Description based on: Vol. 47, no. 38 (June 23, 1966).</subfield></datafield><datafield ind1=" " ind2="4" tag="651"><subfield code="a">Cincinnati (Ohio)</subfield><subfield code="v">Newspapers.</subfield></datafield><datafield ind1=" " ind2="4" tag="651"><subfield code="a">Hamilton County (Ohio)</subfield><subfield code="v">Newspapers.</subfield></datafield><datafield ind1=" " ind2=" " tag="752"><subfield code="a">United State</subfield><subfield code="b">Ohio</subfield><subfield code="c">Hamilton</subfield><subfield code="d">Cincinnati.</subfield></datafield><datafield ind1="0" ind2="0" tag="780"><subfield code="t">Hilltop news (Cincinnati, Ohio : 1919)</subfield><subfield code="w">(DLC)sn 90068795</subfield></datafield><datafield ind1="0" ind2="0" tag="785"><subfield code="t">Hilltop news (Cincinnati, Ohio : 1983)</subfield><subfield code="w">(DLC)sn 88077427</subfield></datafield><datafield ind1="1" ind2=" " tag="029"><subfield code="a">AU@</subfield><subfield code="b">000020509994</subfield></datafield></record>